




%%% added on16/11/18
@book{StochasticEric,
  title={Problems and Solutions in Mathematical Finance: Stochastic Calculus},
  author={Eric Chin  and Sverrir Ólafsson and Dian Nel},
  volume={1},
  year={2014},
  publisher={The Wiley Finance Series}
}



Eric Chin , Sverrir Ólafsson , Dian Nel

%%% added on 15/11/18
@article{Merton73,
  author = {Robert C. Merton},
 journal = {The Bell Journal of Economics and Management Science},
 number = {1},
 pages = {141--183},
 publisher = {[Wiley, RAND Corporation]},
 title = {Theory of Rational Option Pricing},
 volume = {4},
 year = {1973}
}



%%% added on 08/08/18

@article{XiaZhou,
title = {Stock loans},
author = {Xia, Jianming and Zhou, Xun Yu},
journal = {Mathematical Finance},
volume = {17},
number = {2},
pages = {307-317},
year={2007}
}


@article{LIU20103548,
title = "Capped stock loans",
journal = "Computers & Mathematics with Applications",
volume = "59",
number = "11",
pages = "3548 - 3558",
year = "2010",
issn = "0898-1221",
doi = "https://doi.org/10.1016/j.camwa.2010.03.048",
url = "http://www.sciencedirect.com/science/article/pii/S0898122110002373",
author = "Guangying Liu and Yongqing Xu",
keywords = "Capped stock loans, Optimal stopping time, Capped call option"
}

@article{Zhang98,
title = {Valuation of Stock Loans with Regime Switching},
author = {Zhang, Q. and Zhou, X.},
journal = {SIAM Journal on Control and Optimization},
volume = {48},
number = {3},
pages = {1229-1250},
year = {2009}
}

@article{WONG2013275,
title = "Valuation of stock loans using exponential phase-type Levy models",
author = "Tat Wing Wong and Hoi Ying Wong",
journal = "Applied Mathematics and Computation",
volume = "222",
pages = "275 - 289",
year = "2013"
}

@article{WONG2012337,
title = "Stochastic volatility asymptotics of stock loans: Valuation and optimal stopping",
author = "Tat Wing Wong and Hoi Ying Wong",
journal = "Journal of Mathematical Analysis and Applications",
volume = "394",
number = "1",
pages = "337 - 346",
year = "2012"
}

@article{LiangWJ10,
  author    = {Zongxia Liang and
               Weiming Wu and
               Shuqing Jiang},
  title     = {Stock loan with automatic termination clause, cap and margin},
  journal   = {Computers {\&} Mathematics with Applications},
  volume    = {60},
  number    = {12},
  pages     = {3160--3176},
  year      = {2010},
  url       = {https://doi.org/10.1016/j.camwa.2010.10.021},
  doi       = {10.1016/j.camwa.2010.10.021},
  timestamp = {Sun, 28 May 2017 13:24:12 +0200},
  biburl    = {https://dblp.org/rec/bib/journals/cma/LiangWJ10},
  bibsource = {dblp computer science bibliography, https://dblp.org}
}

@article{LU201612,
title = "Finite maturity margin call stock loans",
journal = "Operations Research Letters",
volume = "44",
number = "1",
pages = "12 - 18",
year = "2016",
issn = "0167-6377",
doi = "https://doi.org/10.1016/j.orl.2015.10.007",
url = "http://www.sciencedirect.com/science/article/pii/S0167637715001388",
author = "Xiaoping Lu and Endah R.M. Putri",
keywords = "Margin call stock loan, American down-and-out call with rebate, Laplace transform method"
}

%%% added on 8/6/17
@book{shreve2004stochastic,
  title={Stochastic calculus for finance II: Continuous-time models},
  author={Shreve, Steven E},
  volume={11},
  year={2004},
  publisher={Springer Science \& Business Media}
}

%%%% added at 29/05/17

@article{Le2017652,
title = "A decomposition approach via Fourier sine transform for valuing American knock-out options with rebates ",
journal = "Journal of Computational and Applied Mathematics ",
volume = "317",
number = "",
pages = "652 - 671",
year = "2017",
note = "",
issn = "0377-0427",
doi = "https://doi.org/10.1016/j.cam.2016.12.030",
url = "http://www.sciencedirect.com/science/article/pii/S0377042716306409",
author = "Nhat-Tan Le and Duy-Minh Dang and Tran-Vu Khanh",
}

%%%% added at 29/05/17

@article{lu2015semi,
  title={Semi-analytic valuation of stock loans with finite maturity},
  author={Lu, Xiaoping and Putri, Endah RM},
  journal={Communications in Nonlinear Science and Numerical Simulation},
  volume={27},
  number={1},
  pages={206--215},
  year={2015},
  publisher={Elsevier}
}

@article{grasselli2013stock,
  title={Stock loans in incomplete markets},
  author={Grasselli, Matheus R and G{\'o}mez, Cesar},
  journal={Applied Mathematical Finance},
  volume={20},
  number={2},
  pages={118--136},
  year={2013},
  publisher={Taylor \& Francis}
}

@article{prager2010stock,
  title={Stock loan valuation under a regime-switching model with mean-reverting and finite maturity},
  author={Prager, David and Zhang, Qing},
  journal={Journal of Systems Science and Complexity},
  volume={23},
  number={3},
  pages={572--583},
  year={2010},
  publisher={Springer}
}

@article{dai2011optimal,
  title={Optimal redeeming strategy of stock loans with finite maturity},
  author={Dai, Min and Xu, Zuo Quan},
  journal={Mathematical Finance},
  volume={21},
  number={4},
  pages={775--793},
  year={2011},
  publisher={Wiley Online Library}
}
%%%% added at 03/01/15
@article{tanbarrier2015,
author = {Le, N.-T., and  Zhu, S.-P., and Lu, X.},
title = {An integral equation approach for the valuation of American-style down-and-out calls with rebates},
journal = {Computers $\&$  Mathematics with applications},
volume = {71},
number = {2},
pages = {544-564},
year = {2016},
doi = {http://dx.doi.org/10.1016/j.camwa.2015.12.013},
}

%%%% added at 23/10/15
@book{hattori2013partial,
  title={Partial differential equations},
  author={Hattori, Harumi},
  year={2013},
  publisher={World Scientific Publishing}
}

@book {ConstandaMR2640690,
    AUTHOR = {Constanda, Christian},
     TITLE = {Solution techniques for elementary partial differential
              equations},
      NOTE = {With a foreword by Peter Schiavone,
              Second edition [of 1910694]},
 PUBLISHER = {CRC Press, Boca Raton, FL},
      YEAR = {2010},
     PAGES = {xviii+325},
      ISBN = {978-1-4398-1139-9},
   MRCLASS = {35-01},
  MRNUMBER = {2640690},
}
@book {duffy2013finite,
    AUTHOR = {Duffy, Daniel J.},
     TITLE = {Finite difference methods in financial engineering},
    SERIES = {Wiley Finance Series},
      NOTE = {A partial differential equation approach,
              With 1 CD-ROM (Windows, Macintosh and UNIX)},
 PUBLISHER = {John Wiley \& Sons, Ltd., Chichester},
      YEAR = {2006},
     PAGES = {xv+423},
      ISBN = {978-0-470-85882-0; 0-470-85882-6},
   MRCLASS = {65-01 (65M06 91-01 91B02 91B28)},
  MRNUMBER = {2286409 (2008g:65002)},
MRREVIEWER = {Kenneth H. Karlsen},
       DOI = {10.1002/9781118673447},
    %   URL = {http://dx.doi.org/10.1002/9781118673447},
}
@book {Kevorkian_2000,
    AUTHOR = {Kevorkian, J.},
     TITLE = {Partial differential equations},
    SERIES = {Texts in Applied Mathematics},
    VOLUME = {35},
   EDITION = {Second},
      NOTE = {Analytical solution techniques},
 PUBLISHER = {Springer-Verlag, New York},
      YEAR = {2000},
     PAGES = {xii+636},
      ISBN = {0-387-98605-7},
   MRCLASS = {35-01},
  MRNUMBER = {1728947 (2000i:35001)},
       DOI = {10.1007/978-1-4757-3266-5},
}










%%%% added at 08/10/15

@article{dassios2013,
author = {Angelos Dassios and Jia Wei Lim},
title = {Parisian Option Pricing: A Recursive Solution for the Density of the Parisian Stopping Time},
journal = {SIAM Journal on Financial Mathematics},
volume = {4},
number = {1},
pages = {599-615},
year = {2013},
doi = {10.1137/120875466},
URL = {
        http://dx.doi.org/10.1137/120875466
},
eprint = {
        http://dx.doi.org/10.1137/120875466

}

}



@article{dassios2010perturbed,
  title={Perturbed Brownian motion and its application to Parisian option pricing},
  author={Dassios, Angelos and Wu, Shanle},
  journal={Finance and Stochastics},
  volume={14},
  number={3},
  pages={473--494},
  year={2010},
  publisher={Springer},
url={http://dx.doi.org/10.1007/s00780-009-0113-0},
}

@article{1997,
     jstor_articletype = {research-article},
     title = {Brownian Excursions and Parisian Barrier Options},
     author = {Chesney, Marc and Jeanblanc-Picque, Monique and Yor, Marc},
     journal = {Advances in Applied Probability},
     jstor_issuetitle = {},
     volume = {29},
     number = {1},
     jstor_formatteddate = {Mar., 1997},
     pages = {pp. 165-184},
     url = {http://www.jstor.org/stable/1427865},
     ISSN = {00018678},
     abstract = {In this paper we study a new kind of option, called hereinafter a Parisian barrier option. This option is the following variant of the so-called barrier option: a down-and-out barrier option becomes worthless as soon as a barrier is reached, whereas a down-and-out Parisian barrier option is lost by the owner if the underlying asset reaches a prespecified level and remains constantly below this level for a time interval longer than a fixed number, called the window. Properties of durations of Brownian excursions play an essential role. We also study another kind of option, called here a cumulative Parisian option, which becomes worthless if the total time spent below a certain level is too long.},
     language = {English},
     year = {1997},
     publisher = {Applied Probability Trust},
     copyright = {Copyright Â© 1997 Applied Probability Trust},
    }


@ARTICLE {Haber,
   author={Haber, R. J. and Sch$\ddot{o}$nbucher, P. J. and Wilmott, P.},
   title={Pricing {P}arisian options},
   journal={The Journal of Derivatives},
   volume={spring},
   year={1998},
   pages={71-79},
}

@BOOK {Chesney2,
   author={Chesney, M. and Geman, H. and Jeanblanc-Picqu$\acute{e}$, M. and Yor, M.},
     year={1997},
     title={{M}athematics of {D}erivarive {S}ecurities},
    publisher={Cambridge University Press},
    pages={61-87},
}

@ARTICLE {Chesney,
   author={Chesney, M. and Jeanblanc-Picqu$\acute{e}$, M. and Yor, M.},
   title={Brownian excursion and {P}arisian barrier options},
   journal={Advances in applied probability},
   year={1997},
   volume={29},
   pages={165-184},
}

@ARTICLE {Kowk2,
   author={Kwok,Y. K. and Lau, K. W.},
   title={Pricing algorithms for options with exotic path-dependence},
   journal={The Journal of Derivatives},
   number=1,
   year={2001},
   volume={9},
   pages={28-38},
}

@ARTICLE {Fujita,
   author={Fujita, T. and Miura, R.},
   title={Edokko options: {A} New Framework of Barrier Options},
   journal={Asia Pacific Financial Markets},
   number=2,
   year={2003},
   volume={9},
   pages={141-151},
}

@ARTICLE {Bernard,
   author={Bernard, C. and Le Courtois, O. and Quittard-Pinon, F},
   title={A new procedure for pricing {P}arisian options},
   journal={The Journal of Derivatives},
   number=4,
   year={2005},
   volume={12},
   pages={45-53},
}

@BOOK {Kwok,
   author={Kwok, Y. K.},
   year=2008,
   title={{M}athematical {M}odels of {F}inancial {D}erivatives, {S}econd {E}dition},
   publisher={Springer},
   %edition={first},
}

@BOOK {Taylor,
   author={Taylor, M.},
   year=1997,
   title={{P}artial {D}ifferential {E}quations},
   publisher={Springer-Verlag},
   volume={I},
   %edition={first},
}

@BOOK {King,
   author={King, A. C. and Billingham, J. and Otto, S. R.},
   year=2003,
   title={{D}ifferential {E}quations: {L}inear, {N}onlinear, {O}rdinary, {P}artial},
   publisher={Combridge Press},
   %edition={first},
}

@BOOK {Duffy,
   author={Duffy, D. G.},
   year=2001,
   title={{G}reen's {F}unctions with {A}pplications},
   publisher={Chapman \& Hall/CRC},
   %edition={first},
}

@BOOK {Armitage,
   author={Armitage, P. and Colton, T.},
   year=1998,
   title={Numerical Integration},
   publisher={John Wiley and Sons, Ltd, Chichester},
   %edition={first},
}

@ARTICLE {Hugonnier,
   author={Hugonnier, J.},
   title={The {F}eynman-{K}ac formula and pricing occupation times derivatives},
   journal={International Journal of Theoretical and Applied Finance},
   number=2,
   year=1999,
   volume=2,
   pages={153-178},
}

@ARTICLE {Cheng,
   author={Cheng, A. H-D. and Sidauruk, P. and Abousleiman, Y.},
   title={Approximate inversion of the Laplace transform},
   journal={The Mathematica Journal},
   number=2,
   year=1994,
   volume=4,
   pages={76-81},
}

@ARTICLE {Kwok33,
   author={Kwok, Y. K. and Barthez, D.},
   title={An algorithm for the numerical inversion of {L}aplace transforms},
   journal={Inverse Problems},
   number=5,
   year=1989,
   pages={1089-1095},
}

@ARTICLE {Hartley,
   author={Hartley, P.},
   title={Pricing {P}arisian options by {L}aplace inversion},
   journal={Decisions in Economics and Finance},
   year=2002,
}

@ARTICLE {Schroder,
   author={Schr$\ddot{o}$der, M.},
   title={Brownian excusions and {P}arisian barrier options: a note},
   journal={Journal of Applied Probability},
   number=4,
   year=2003,
   volume=40,
   pages={855-864},
}

@BOOK {Strikwerda,
   author={Strikwerda, C. J.},
   year=1989,
   title={{F}inite {D}ifference {S}chemes and {P}artial {D}ifferential {E}quations},
   publisher={Champan $\&$ Hall, New York},
}

@BOOK {Tavella,
   author={Tavella, D. and Randall, C.},
   year=2000,
   title={{P}ricing {F}inancial {I}nstruments, {T}he {F}inite {D}ifference {M}ethod},
   publisher={Wiley: New York},
}

@BOOK {Hildebrand,
   author={Hildebrand, F. B.},
   year=1956,
   title={{I}ntroduction to {N}umerical {A}nalysis},
   publisher={New York: McGraw-Hill},
}

@BOOK {Mccollum,
   author={McCollum, P. A. and Brown, B. F.},
   year=1965,
   title={Laplace transform tables and theorems},
   publisher={Holt, Rinehart and Winston, Inc},
}

@BOOK {Pazy,
   author={Pazy, A.},
   year=1983,
   title={Semigroups of {L}inear {O}perators and {A}pplications to {P}artial {D}ifferential {E}quations},
   publisher={Springer-Verlag},
}

@BOOK {Shen,
   author={Shen, J. and Tang, T.},
   year=2006,
   title={{S}pectral and {H}igh-order {M}ethods},
   publisher={Science Press},
}

@BOOK {Carrier,
   author={Carrier, G. F. and Pearson, C. E.},
   year=1976,
   title={Partial {D}ifferential {E}quations {T}heorey and {T}echnique},
   publisher={Academic Press, Inc. (London) LTD},
}

@ARTICLE {Simon,
   author={Simon, B.},
   title={A {F}eynman-{K}ac formula for unbounded semigroups},
   journal={Canadian Mathematical Society Conference Proceedings},
   year=2000,
   volume=40,
   pages={317-321},
}

@ARTICLE {Zhu_Laplace2,
   author={Zhu, S.-P. and Zhang, J.},
   title={Using {L}aplace transform to price {A}merican puts},
   journal={Dynamics of Continuous, Discrete and Impulsive Systems-B},
   year=2012,
   volume=19,
   pages={447-469},
}

@ARTICLE {Labart,
   author={Labart, C. and Lelong, J.},
   title={Pricing double Parisian Options using Laplace transforms},
   journal={International Journal of Theoretical and Applied Finance},
   year={2009},
   volume={12},
   issue={01},
   pages={19-44},
}

@UNPUBLISHED {Capobianco,
   author={Capobianco, M. R.and Criscuolo, G.},
   title={Convergence of Gauss-Laguerre quadrature formulae},
   note={Working paper. Available at: www.na.iac.cnr.it/rapporti/2006/RT315$\_$06.pdf},
   year={2012},
%   volume=27,
%   issue=9,
}

@ARTICLE {Chawla,
   author={Chawla, M. M. and Jain, M. K.},
   title={Error estimates for Gauss quadrature formulas for analytic functions},
   journal={Mathematics of Computation},
   year={1968},
   volume={22},
   pages={82-90},
}


@article{kallast2003pricing,
  title={Pricing and hedging {A}merican options using approximations by {K}im integral equations},
  author={Kallast, Siim and Kivinukk, Andi},
  journal={European Finance Review},
  volume={7},
  number={3},
  pages={361--383},
  year={2003},
  publisher={Kluwer Academic Publishers}
@article{tanfirst,
  title={Pricing {P}arisian down-and-in options},
  author={Zhu, Song-Ping and Le, Nhat-Tan and Chen, Wen-Ting and Lu, Xiaoping},
   journal={Applied Mathematics Letters},
  note={(in press)},
  year={2014},
  publisher={Elsevier}
}

@article{BCS1,
  title={{The heat equation and reflected Brownian motion in time-dependent domains. II. Singularities of solutions}},
  author={ Krzysztof Burdzy and Zhen-Qing Chen and John Sylvester},
  journal={J. Funct. Anal.l},
  volume={204},
  number={1},
  pages={1--34},
  year={2003}
}
%\bibitem{BCS2} Burdzy, Krzysztof, Chen, Zhen-Qing, and Sylvester, John.
%\newblock The heat equation and reflected Brownian motion in time-dependent domains.
% \newblock{\em Ann. Probab.}, 32(1B):775ï¿½-804, 2004.
%

@article{BCS2,
  title={{The heat equation and reflected Brownian motion in time-dependent domains}},
  author={ Krzysztof Burdzy and Zhen-Qing Chen and John Sylvester},
  journal={Ann. Probab.},
  volume={31},
  number={1B},
  pages={775--804},
  year={2004}
}
%\bibitem{BCS3} Burdzy, Krzysztof, Chen, Zhen-Qing, and Sylvester, John.
%\newblock The heat equation in time dependent domains with insulated boundaries.
%\newblock{\em J. Math. Anal. Appl.}, 294(2): 581--595,2004.
@article{BCS3,
  title={{The heat equation in time dependent domains with insulated boundaries}},
  author={ Krzysztof Burdzy and Zhen-Qing Chen and John Sylvester},
  journal={J. Math. Anal. Appl.},
  volume={294},
  number={2},
  pages={581--595},
  year={2004}
}


@article{Zhu_2013,
  doi = {10.1016/j.jedc.2012.12.005},
  url = {http://dx.doi.org/10.1016/j.jedc.2012.12.005},
  year = {2013},
  month = {apr},
  publisher = {Elsevier {BV}},
  volume = {37},
  number = {4},
  pages = {875--896},
  author = {Song-Ping Zhu and Wen-Ting Chen},
  title = {{Pricing Parisian and Parasian options analytically}},
  journal = {Journal of Economic Dynamics and Control},
}
@article{zhu2015pricing,
  title={Pricing Parisian down-and-in options},
  author={Zhu, Song-Ping and Le, Nhat-Tan and Chen, Wenting and Lu, Xiaoping},
  journal={Applied Mathematics Letters},
  volume={43},
  pages={19--24},
  year={2015},
  publisher={Elsevier}
}
@article{gao2000valuation,
  title={The valuation of {A}merican barrier options using the decomposition technique},
  author={Gao, Bin and Huang, Jing-zhi and Subrahmanyam, Marti},
  journal={Journal of Economic Dynamics and Control},
  volume={24},
  number={11},
  pages={1783--1827},
  year={2000},
  publisher={Elsevier}
}
@article{aitsahlia2003fast,
  title={Fast and accurate valuation of {A}merican barrier options},
  author={AitSahlia, Farid and Imhof, Lorens and Lai, Tze Leung},
  journal={Journal of Computational Finance},
  volume={7},
  number={1},
  pages={129--145},
  year={2003},
  publisher={RISK PUBLICATIONS}
}

@article{reimer1995discrete,
  title={A discrete time approach for {E}uropean and {A}merican barrier options},
  author={Reimer, Matthias and Sandmann, Klaus},
  journal={Preprint, University of Bonn},
  year={1995},
  publisher={Citeseer}
}

@article{black1973pricing,
  title={The pricing of options and corporate liabilities},
  author={Black, Fischer and Scholes, Myron},
  journal={The journal of political economy},
  pages={141--183},
  year={1973},
  publisher={JSTOR}
}

@article{merton1973theory,
  title={Theory of rational option pricing},
  author={Merton, Robert C},
  year={1973},
  publisher={Bell Journal of Economics and Management
Science}
}

@article{rich1994mathematical,
  title={The mathematical foundations of barrier option-pricing theory},
  author={Rich, Don R},
  journal={Advances in Futures and Options Research},
  volume={7},
  year={1994}
}

@article{rubinstein1991breaking,
  title={Breaking down the barriers},
  author={Rubinstein, Mark and Reiner, Eric},
  journal={Risk},
  volume={4},
  number={8},
  pages={28--35},
  year={1991}
}

@article{heynen1994crossing,
  title={Crossing barriers},
  author={Heynen, Ronald and Kat, Harry},
  journal={Risk},
  volume={7},
  number={6},
  pages={46--51},
  year={1994}
}

@article{heynen1994partial,
  title={Partial barrier options},
  author={Heynen, Ronald and Kat, Harry},
  journal={The Journal of Financial Engineering},
  volume={3},
  number={3},
  year={1994}
}


@article{heynen1996discrete,
  title={Discrete partial barrier options with a moving barrier},
  author={Heynen, Ronald C and Kat, Harry M},
  journal={Journal of Financial Engineering},
  volume={5},
  number={3},
  pages={199--209},
  year={1996}
}



@article{carr1995two,
  title={Two extensions to barrier option valuation},
  author={Carr, Peter},
  journal={Applied Mathematical Finance},
  volume={2},
  number={3},
  pages={173--209},
  year={1995},
  publisher={Taylor \& Francis}
}

@article{kunitomo1992pricing,
  title={Pricing Options With Curved Boundaries1},
  author={Kunitomo, Naoto and Ikeda, Masayuki},
  journal={Mathematical finance},
  volume={2},
  number={4},
  pages={275--298},
  year={1992},
  publisher={Wiley Online Library}
}


@article{geman1996pricing,
  title={PRICING AND HEDGING DOUBLE-BARRIER OPTIONS: A PROBABILISTIC APPROACH},
  author={Geman, Helyette and Yor, Marc},
  journal={Mathematical finance},
  volume={6},
  number={4},
  pages={365--378},
  year={1996},
  publisher={Wiley Online Library}
}

@article{kolkiewicz2002pricing,
  title={Pricing and hedging more general double-barrier options},
  author={Kolkiewicz, Adam W},
  journal={Journal of Computational Finance},
  volume={5},
  number={3},
  pages={1--26},
  year={2002},
  publisher={RISK PUBLICATIONS}
}



@article{geske1984american,
  title={The {A}merican put option valued analytically},
  author={Geske, Robert and Johnson, Herb E},
  journal={The Journal of Finance},
  volume={39},
  number={5},
  pages={1511--1524},
  year={1984},
  publisher={Wiley Online Library}
}

@article{barone1987efficient,
  title={Efficient analytic approximation of {A}merican option values},
  author={Barone-Adesi, Giovanni and Whaley, Robert E},
  journal={The Journal of Finance},
  volume={42},
  number={2},
  pages={301--320},
  year={1987},
  publisher={Wiley Online Library}
}

@article{macmillan1986analytic,
  title={Analytic approximation for the {A}merican put option},
  author={MacMillan, Lionel W},
  journal={Advances in futures and options research},
  volume={1},
  number={Part A},
  pages={119--139},
  year={1986}
}
@article{carr1998randomization,
  title={Randomization and the {A}merican put},
  author={Carr, Peter},
  journal={Review of Financial Studies},
  volume={11},
  number={3},
  pages={597--626},
  year={1998},
  publisher={Soc Financial Studies}
}

@article{carr1992alternative,
  title={Alternative characterizations of {A}merican put options},
  author={Carr, Peter and Jarrow, Robert and Myneni, Ravi},
  journal={Mathematical Finance},
  volume={2},
  number={2},
  pages={87--106},
  year={1992},
  publisher={Wiley Online Library}
}
@article{mckean1965free,
  title={A free-boundary problem for the heat-equation arising from a problem of mathematical economics},
  author={McKean, Henry P},
  journal={IMR-Industrial Management Review},
  volume={6},
  number={2},
  pages={32--39},
  year={1965},
  %publisher={SLOAN MANAGEMENT REVIEW ASSOC, MIT SLOAN SCHOOL MANAGEMENT 77 MASSACHUSETTS AVE, E60-100, CAMBRIDGE, MA 02139-4307}
}
@book{hahn2012heat,
  title={Heat Conduction},
  author={Hahn, David W and Ozisik, M Necati},
  year={2012},
  publisher={John Wiley \& Sons}
}

@book{wilmott1995mathematics,
  title={The mathematics of financial derivatives: a student introduction},
  author={Wilmott, Paul},
  year={1995},
  publisher={Cambridge University Press}
}

@techreport{chiarella2004survey,
  title={A Survey of the Integral Representation of {A}merican Option Prices},
  author={Chiarella, Carl and Kucera, Adam and Ziogas, Andrew},
  year={2004},
  institution={Quantitative Finance Research Centre, University of Technology, Sydney}
}


@article{chiarella1999evaluation,
  title={Evaluation of American option prices in a path integral framework using {F}ourier--{H}ermite series expansions},
  author={Chiarella, Carl and El-Hassan, Nadima and Kucera, Adam},
  journal={Journal of Economic Dynamics and Control},
  volume={23},
  number={9},
  pages={1387--1424},
  year={1999},
  publisher={Elsevier}
}

@article{tanfirst,
  title={Pricing {P}arisian down-and-in options},
  author={Zhu, Song-Ping, and Le, Nhat-Tan  and Chen, Wen-Ting and Lu, Xiaoping},
  journal={Applied Mathematics Letters},
  note = {(in press)},
  year={2014},
  publisher={Elsevier}
}
 % volume={23},
%  number={9},
%  pages={1387--1424},

@article{jacka1991optimal,
  title={Optimal stopping and the {A}merican put},
  author={Jacka, SD 1},
  journal={Mathematical Finance},
  volume={1},
  number={2},
  pages={1--14},
  year={1991},
  publisher={Wiley Online Library}
}

@article{kim1990analytic,
  title={The analytic valuation of {A}merican options},
  author={Kim, IN},
  journal={Review of {F}inancial studies},
  volume={3},
  number={4},
  pages={547--572},
  year={1990},
  publisher={Soc Financial Studies}
}

@article{zhu2006new,
  title={A new analytical approximation formula for the optimal exercise boundary of {A}merican put options},
  author={Zhu, Song-Ping},
  journal={International Journal of Theoretical and Applied Finance},
  volume={9},
  number={07},
  pages={1141--1177},
  year={2006},
  publisher={World Scientific}
}

@article{merton1977valuation,
  title={The valuation of American put options},
  author={Merton, Robert C and Brennan, Michael J and Schwartz, Eduardo S},
  journal={The Journal of Finance},
  volume={32},
  number={2},
  pages={449--462},
  year={1977},
  publisher={Wiley Online Library}
}


@article{schwartz1977valuation,
  title={The valuation of warrants: implementing a new approach},
  author={Schwartz, Eduardo S},
  journal={Journal of Financial Economics},
  volume={4},
  number={1},
  pages={79--93},
  year={1977},
  publisher={Elsevier}
}

@article{wu1997front,
  title={A front-fixing finite difference method for the valuation of American options},
  author={Wu, Lixin and Kwok, Yue-Kuen},
  journal={Journal of Financial Engineering},
  volume={6},
  number={4},
  pages={83--97},
  year={1997}
}


@article{zhu2011new,
  title={A new predictor--corrector scheme for valuing American puts},
  author={Zhu, Song-Ping and Zhang, Jin},
  journal={Applied Mathematics and Computation},
  volume={217},
  number={9},
  pages={4439--4452},
  year={2011},
  publisher={Elsevier}
}

@article{cox1979option,
  title={Option pricing: A simplified approach},
  author={Cox, John C and Ross, Stephen A and Rubinstein, Mark},
  journal={Journal of financial Economics},
  volume={7},
  number={3},
  pages={229--263},
  year={1979},
  publisher={Elsevier}
}

@article{muthuraman2008moving,
  title={A moving boundary approach to {A}merican option pricing},
  author={Muthuraman, Kumar},
  journal={Journal of Economic Dynamics and Control},
  volume={32},
  number={11},
  pages={3520--3537},
  year={2008},
  publisher={Elsevier}
}

@article{garcia2003convergence,
  title={Convergence and biases of Monte Carlo estimates of {A}merican option prices using a parametric exercise rule},
  author={Garcia, Diego},
  journal={Journal of Economic Dynamics and Control},
  volume={27},
  number={10},
  pages={1855--1879},
  year={2003},
  publisher={Elsevier}
}


@article{longstaff2001valuing,
  title={Valuing {A}merican options by simulation: A simple least-squares approach},
  author={Longstaff, Francis A and Schwartz, Eduardo S},
  journal={Review of Financial studies},
  volume={14},
  number={1},
  pages={113--147},
  year={2001},
  publisher={Soc Financial Studies}
}


@article{zhu2006exact,
  title={An exact and explicit solution for the valuation of {A}merican put options},
  author={Zhu, Song-Ping},
  journal={Quantitative Finance},
  volume={6},
  number={3},
  pages={229--242},
  year={2006},
  publisher={Taylor \& Francis}
}
@article{zhu2006new,
  title={A new analytical approximation formula for the optimal exercise boundary of {A}merican put options},
  author={Zhu, Song-Ping},
  journal={International Journal of Theoretical and Applied Finance},
  volume={9},
  number={07},
  pages={1141--1177},
  year={2006},
  publisher={World Scientific}
}
@article{zhu2007calculating,
  title={Calculating the early exercise boundary of {A}merican put options with an approximation formula},
  author={Zhu, Song-Ping and He, Zhi-Wei},
  journal={International Journal of Theoretical and Applied Finance},
  volume={10},
  number={07},
  pages={1203--1227},
  year={2007},
  publisher={World Scientific}
}




@book{chiarella2004survey,
  title={A survey of the integral representation of {A}merican option prices},
  author={Chiarella, Carl and Ziogas, Andrew and Kucera, Adam},
  year={2004},
  publisher={University of Technology Sydney}
}
@article{kim1990analytic,
  title={The analytic valuation of American options},
  author={Kim, IN},
  journal={Review of financial studies},
  volume={3},
  number={4},
  pages={547--572},
  year={1990},
  publisher={Soc Financial Studies}
}

@article{chiarella2014comparative,
  title={A comparative study on time-efficient methods to price compound options in the {H}eston model},
  author={Chiarella, Carl and Griebsch, Susanne and Kang, Boda},
  journal={Computers \& Mathematics with Applications},
  volume={67},
  number={6},
  pages={1254--1270},
  year={2014},
  publisher={Elsevier}
}



@article{chung2013static,
  title={Static {H}edging and {P}ricing {A}merican {K}nock-{O}ut {O}ptions},
  author={Chung, San-Lin and Shih, Pai-Ta and Tsai, Wei-Che},
  journal={The Journal of Derivatives},
  volume={20},
  number={4},
  pages={23--48},
  year={2013}
}
@article{zhu2013pricing,
  title={Pricing {P}arisian and {P}arasian options analytically},
  author={Zhu, Song-Ping and Chen, Wen-Ting},
  journal={Journal of Economic Dynamics and Control},
  volume={37},
  number={4},
  pages={875--896},
  year={2013},
  publisher={Elsevier}
}

@article{zvan2000pde,
  title={{PDE} methods for pricing barrier options},
  author={Zvan, R and Vetzal, KR and Forsyth, PA},
  journal={Journal of Economic Dynamics and Control},
  volume={24},
  number={11},
  pages={1563--1590},
  year={2000},
  publisher={Elsevier}
}

@article{dai2004knock,
 title={Knock-in {A}merican options},
 author={Dai, Min and Kwok, Yue Kuen},
  journal={Journal of Futures Markets},
  volume={24},
  number={2},
  pages={179--192},
  year={2004},
  publisher={Wiley Online Library},
}

@article{chesney2006american,
  title={American {P}arisian options},
  author={Chesney, Marc and Gauthier, Laurent},
  journal={Finance and Stochastics},
  volume={10},
  number={4},
  pages={475--506},
  year={2006},
  publisher={Springer}
}


@article{ficker2010static,
  title={Static hedging and pricing {A}merican knock-in put options},
  author={Ficker, Valene},
  journal={European Journal of Banking and Finance},
  volume={3},
  pages={1--12},
  year={2010},
}

@article{aitsahlia2004pricing,
  title={Pricing and hedging of {A}merican knock-in options},
  author={Aitsahlia, Farid and Imhof, Lorens and Lai, Tze Leung},
  journal={The Journal of Derivatives},
  volume={11},
  number={3},
  pages={44--50},
  year={2004},
  publisher={Institutional Investor Journals},
}

@article{figlewski1999adaptive,
  title={The adaptive mesh model: a new approach to efficient option pricing},
  author={Figlewski, Stephen and Gao, Bin},
  journal={Journal of financial economics},
  volume={53},
  number={3},
  pages={313--351},
  year={1999},
  publisher={Elsevier}
}

@article{gao2000valuation,
  title={The valuation of {A}merican barrier options using the decomposition technique},
  author={Gao, Bin and Huang, Jing-zhi and Subrahmanyam, Marti},
  journal={Journal of Economic Dynamics and Control},
  volume={24},
  number={11},
  pages={1783--1827},
  year={2000},
  publisher={Elsevier}
}

@article {Haber,
   title={Pricing {P}arisian options},
   author={Haber, R. J. and Sch$\ddot{o}$nbucher, P. J. and Wilmott, P.},
   journal={The Journal of Derivatives},
   volume={spring},
   pages={71-79},
    year={1998},
}

@article{black1973pricing,
  title={The Pricing of Options and Corporate Liabilities},
  author={Black, Fischer and Scholes, Myron},
  journal={Journal of Political Economy},
  volume={81},
  number={3},
  pages={637--654},
  year={1973}
}

@article {Cheng,
   title={Approximate inversion of the {L}aplace transform},
   author={Cheng, A. H-D. and Sidauruk, P. and Abousleiman, Y.},
   journal={The Mathematica Journal},
   volume=4,
   number=2,
   pages={76-81},
   year=1994,
}



@article {Kwok33,
    title={An algorithm for the numerical inversion of {L}aplace transforms},
    author={Kwok, Y. K. and Barthez, D.},
    journal={Inverse Problems},
   volume={5},
  number={6},
    pages={1089-1095},
    year=1989,

}
@article{bernard2005new,
  title={A new procedure for pricing {P}arisian options},
  author={Bernard, Carole and Courtois, Olivier Le and Quittard-Pinon, Fran{\c{c}}ois},
  journal={The Journal of Derivatives},
  volume={12},
  number={4},
  pages={45--53},
  year={2005},
  publisher={Institutional Investor Journals}
}
@article{fujita2002edokko,
  title={Edokko options: {A} new framework of barrier options},
  author={Fujita, Takahiko and Miura, Ryozo},
  journal={Asia-Pacific Financial Markets},
  volume={9},
  number={2},
  pages={141--151},
  year={2002},
  publisher={Springer}
}

@book{glasserman2004monte,
  title={Monte {C}arlo methods in financial engineering},
  author={Glasserman, Paul},
  volume={53},
  year={2004},
  publisher={Springer}
}

@article{finnerty2009hybrid,
  title={A Hybrid Methodology for Valuing {A}merican {P}arisian {O}ptions},
  author={Finnerty, John D and Gustafson, Mark and Jetley, Gaurav},
  year={2009}
}
@book{wilmott2007paul,
  title={Paul {W}ilmott on {Q}uantitative {F}inance, 3 Volume Set},
  author={Wilmott, Paul},
  year={2007},
  publisher={John Wiley \& Sons}
}
@book{wilmott2007paul1,
  title={Paul {W}ilmott introduces {Q}uantitative {F}inance},
  author={Wilmott, Paul},
  year={2007},
  publisher={John Wiley \& Sons}
}
@book{davison2014quantitative,
  title={Quantitative Finance: A Simulation-Based Introduction Using {E}xcel},
  author={Davison, Matt},
  year={2014},
  publisher={CRC Press}
}
@book{higham2004introduction,
  title={An introduction to financial option valuation: mathematics, stochastics and computation},
  author={Higham, Desmond},
  volume={13},
  year={2004},
  publisher={Cambridge University Press}
}

@book{poularikas2009transforms,
  title={Transforms and applications handbook},
  author={Poularikas, Alexander D},
  year={2009},
  publisher={CRC press}
}
@article{carr1995two,
  title={Two extensions to barrier option valuation},
  author={Carr, Peter},
  journal={Applied Mathematical Finance},
  volume={2},
  number={3},
  pages={173--209},
  year={1995},
  publisher={Taylor \& Francis}
}
